<?xml version="1.0" encoding="UTF-8" standalone="yes"?>
<Document xmlns="urn:iso:std:iso:20022:tech:xsd:pain.008.001.02">
    <CstmrDrctDbtInitn>
        <GrpHdr>
            <MsgId>190081000144583</MsgId>
            <CreDtTm>2019-01-08T14:22:57</CreDtTm>
            <NbOfTxs>1</NbOfTxs>
            <CtrlSum>189964.97</CtrlSum>
            <InitgPty>
                <Nm>QALIAN</Nm>
            </InitgPty>
        </GrpHdr>
        <PmtInf>
            <PmtInfId>CENTRAVET</PmtInfId>
            <PmtMtd>DD</PmtMtd>
            <NbOfTxs>1</NbOfTxs>
            <CtrlSum>189964.97</CtrlSum>
            <PmtTpInf>
                <SvcLvl>
                    <Cd>SEPA</Cd>
                </SvcLvl>
                <LclInstrm>
                    <Cd>CORE</Cd>
                </LclInstrm>
                <SeqTp>RCUR</SeqTp>
            </PmtTpInf>
            <ReqdColltnDt>2019-01-10</ReqdColltnDt>
            <Cdtr>
                <Nm>QALIAN</Nm>
            </Cdtr>
            <CdtrAcct>
                <Id>
                    <IBAN>FR7618829564140090569814040</IBAN>
                </Id>
            </CdtrAcct>
            <CdtrAgt>
                <FinInstnId>
                    <BIC>CMBRFR2BCME</BIC>
                </FinInstnId>
            </CdtrAgt>
            <ChrgBr>SLEV</ChrgBr>
            <CdtrSchmeId>
                <Id>
                    <PrvtId>
                        <Othr>
                            <Id>FR16ZZZ358622</Id>
                            <SchmeNm>
<Prtry>SEPA</Prtry>
                            </SchmeNm>
                        </Othr>
                    </PrvtId>
                </Id>
            </CdtrSchmeId>
            <DrctDbtTxInf>
                <PmtId>
                    <InstrId>1</InstrId>
                    <EndToEndId>PRELEVEMENT SUR FACTURES</EndToEndId>
                </PmtId>
                <InstdAmt Ccy="EUR">189964.97</InstdAmt>
                <DrctDbtTx>
                    <MndtRltdInf>
                        <MndtId>QALIAN</MndtId>
                        <DtOfSgntr>2018-12-31</DtOfSgntr>
                    </MndtRltdInf>
                </DrctDbtTx>
                <DbtrAgt>
                    <FinInstnId>
                        <BIC>AGRIFRPP822</BIC>
                    </FinInstnId>
                </DbtrAgt>
                <Dbtr>
                    <Nm>CENTRAVET</Nm>
                    <PstlAdr>
                        <Ctry>FR</Ctry>
                    </PstlAdr>
                </Dbtr>
                <DbtrAcct>
                    <Id>
                        <IBAN>FR7612206049001913456310156</IBAN>
                    </Id>
                </DbtrAcct>
                <RmtInf>
                    <Ustrd>PRELEVEMENT SUR FACTURES - CENTRAVET</Ustrd>
                </RmtInf>
            </DrctDbtTxInf>
        </PmtInf>
    </CstmrDrctDbtInitn>
</Document>
